@article{Molaei2020AIndustry,
    title = {{A Comprehensive Review on Internet of Things (IoT) and its Implications in the Mining Industry}},
    year = {2020},
    journal = {American Journal of Engineering and Applied Sciences},
    author = {Molaei, Fatemeh and Rahimi, Elham and Siavoshi, Hossein and Afrouz, Setareh Ghaychi and Tenorio, Victor},
    number = {3},
    month = {3},
    pages = {499--515},
    volume = {13},
    doi = {10.3844/ajeassp.2020.499.515},
    issn = {1941-7020}
}

@article{Lavanya2022ADomains,
    title = {{A comprehensive review on LoRa implementation in IoT application domains}},
    year = {2022},
    journal = {AIP Conference Proceedings},
    author = {Lavanya, P and Subba Reddy, I V},
    number = {1},
    month = {11},
    pages = {140001},
    volume = {2516},
    url = {https://doi.org/10.1063/5.0108994},
    doi = {10.1063/5.0108994},
    issn = {0094-243X}
}

@article{Abrardo2019AItaly,
    title = {{A Multi-Hop LoRa Linear Sensor Network for the Monitoring of Underground Environments: The Case of the Medieval Aqueducts in Siena, Italy}},
    year = {2019},
    journal = {Sensors},
    author = {Abrardo, Andrea and Pozzebon, Alessandro},
    number = {2},
    month = {1},
    pages = {402},
    volume = {19},
    doi = {10.3390/s19020402},
    issn = {1424-8220}
}

@article{Hrovat2014ATunnels,
    title = {{A Survey of Radio Propagation Modeling for Tunnels}},
    year = {2014},
    journal = {IEEE Communications Surveys {\&} Tutorials},
    author = {Hrovat, Andrej and Kandus, Gorazd and Javornik, Tomavz},
    number = {2},
    pages = {658--669},
    volume = {16},
    doi = {10.1109/SURV.2013.091213.00175}
}

@inproceedings{Mekala2019AccurateFramework,
    title = {{Accurate Decision-making System for Mining Environment using Li-Fi 5G Technology over IoT Framework}},
    year = {2019},
    booktitle = {2019 International Conference on contemporary Computing and Informatics (IC3I)},
    author = {Mekala, MS and Viswanathan, P. and Srinivasu, N. and Varma, GPS},
    month = {12},
    pages = {74--79},
    publisher = {IEEE},
    isbn = {978-1-7281-5529-6},
    doi = {10.1109/IC3I46837.2019.9055546}
}

@article{Kang2018AirApproaches,
    title = {{Air Quality Prediction: Big Data and Machine Learning Approaches}},
    year = {2018},
    journal = {International Journal of Environmental Science and Development},
    author = {Kang, Gaganjot Kaur and Gao, Jerry Zeyu and Chiao, Sen and Lu, Shengqiang and Xie, Gang},
    number = {1},
    pages = {8--16},
    volume = {9},
    doi = {10.18178/ijesd.2018.9.1.1066},
    issn = {20100264}
}

@article{Sadeghi2022ApplicationsMines,
    title = {{Applications of wireless sensor networks to improve occupational safety and health in underground mines}},
    year = {2022},
    journal = {Journal of Safety Research},
    author = {Sadeghi, Sanaz and Soltanmohammadlou, Nazi and Nasirzadeh, Farnad},
    month = {12},
    pages = {8--25},
    volume = {83},
    publisher = {Pergamon},
    doi = {10.1016/J.JSR.2022.07.016},
    issn = {0022-4375},
    pmid = {36481040},
    keywords = {Occupational safety and health, Underground mine, Wireless sensor network (WSN), Wireless underground sensor network (WUSN)}
}

@article{Ikeda2021CommunicationDistance,
    title = {{Communication of Sensor Data in Underground Mining Environments: An Evaluation of Wireless Signal Quality over Distance}},
    year = {2021},
    journal = {Mining},
    author = {Ikeda, Hajime and Kolade, Oluwafemi and Mahboob, Muhammad Ahsan and Cawood, Frederick Thomas and Kawamura, Youhei},
    number = {2},
    month = {9},
    pages = {211--223},
    volume = {1},
    doi = {10.3390/mining1020014},
    issn = {2673-6489}
}

@article{Muthanna2022DeepNetworks,
    title = {{Deep reinforcement learning based transmission policy enforcement and multi-hop routing in QoS aware LoRa IoT networks}},
    year = {2022},
    journal = {Computer Communications},
    author = {Muthanna, Mohammed Saleh Ali and Muthanna, Ammar and Rafiq, Ahsan and Hammoudeh, Mohammad and Alkanhel, Reem and Lynch, Stephen and Abd El-Latif, Ahmed A.},
    month = {2},
    pages = {33--50},
    volume = {183},
    publisher = {Elsevier},
    doi = {10.1016/J.COMCOM.2021.11.010},
    issn = {0140-3664},
    keywords = {Deep reinforcement learning, Internet of Things (IoT), Long Range (loRa) communication, Provisioning multi-hop routing, Quality of Service (QoS), Transmission policy parameters optimization}
}

@inproceedings{Ranjan2018DeepSense:Workings,
    title = {{DeepSense: Sensing the radio signal behavior in metal and non-metal underground mine workings}},
    year = {2018},
    booktitle = {IEEE INFOCOM 2018 - IEEE Conference on Computer Communications Workshops (INFOCOM WKSHPS)},
    author = {Ranjan, Alok and Sahu, H B and Misra, Prasant},
    number = {},
    pages = {913--918},
    volume = {},
    doi = {10.1109/INFCOMW.2018.8406972}
}

@article{Ayedi2021Energy-SpectralAlgorithm,
    title = {{Energy-Spectral Efficiency Optimization in Wireless Underground Sensor Networks Using Salp Swarm Algorithm}},
    year = {2021},
    journal = {Journal of Sensors},
    author = {Ayedi, Mariem and Eldesouky, Esraa and Nazeer, Jabeen},
    month = {1},
    pages = {1--16},
    volume = {2021},
    doi = {10.1155/2021/6683988},
    issn = {1687-7268}
}

@book{ChristopherHaslett2008EssentialsPropagation,
    title = {{Essentials of Radio Wave Propagation}},
    year = {2008},
    author = {{Christopher Haslett}},
    month = {5},
    publisher = {Cambridge University Press},
    address = {New York}
}

@inproceedings{Villarim2022EvaluationApplications,
    title = {{Evaluation of low-power wireless communication technology in underground environments for smart cities applications}},
    year = {2022},
    booktitle = {2022 IEEE Asia Pacific Conference on Wireless and Mobile (APWiMob)},
    author = {Villarim, Andrea Willa R. and Souto, Cicero R. and Santos, Alexsandro Jose V. and Villarim, Mariana R.},
    month = {12},
    pages = {1--5},
    publisher = {IEEE},
    isbn = {978-1-6654-7486-3},
    doi = {10.1109/APWiMob56856.2022.10014189}
}

@article{Ali2022ImprovingSystem,
    title = {{Improving coal mine safety with internet of things (IoT) based Dynamic Sensor Information Control System}},
    year = {2022},
    journal = {Physics and Chemistry of the Earth, Parts A/B/C},
    author = {Ali, Mohammed Hasan and Al-Azzawi, Waleed Khalid and Jaber, Mustafa and Abd, Sura Khalil and Alkhayyat, Ahmed and Rasool, Zaid Ibrahim},
    month = {12},
    pages = {103225},
    volume = {128},
    publisher = {Pergamon},
    doi = {10.1016/J.PCE.2022.103225},
    issn = {1474-7065},
    keywords = {Coal mine, Internet of things, Security, Wi-Fi microcontroller}
}

@article{Barcelo2016IoT-CloudEnvironments,
    title = {{IoT-Cloud Service Optimization in Next Generation Smart Environments}},
    year = {2016},
    journal = {IEEE Journal on Selected Areas in Communications},
    author = {Barcelo, Marc and Correa, Alejandro and Llorca, Jaime and Tulino, Antonia M. and Vicario, Jose Lopez and Morell, Antoni},
    number = {12},
    month = {12},
    pages = {4077--4090},
    volume = {34},
    doi = {10.1109/JSAC.2016.2621398},
    issn = {0733-8716}
}

@article{Liando2019KnownStudy,
    title = {{Known and Unknown Facts of LoRa: Experiences from a Large-scale Measurement Study}},
    year = {2019},
    journal = {ACM Transactions on Sensor Networks},
    author = {Liando, Jansen C. and Gamage, Amalinda and Tengourtius, Agustinus W. and Li, Mo},
    number = {2},
    month = {5},
    pages = {1--35},
    volume = {15},
    doi = {10.1145/3293534},
    issn = {1550-4859}
}

@inproceedings{Wan2017LoraNetworks,
    title = {{Lora propagation testing in soil for wireless underground sensor networks}},
    year = {2017},
    booktitle = {2017 Sixth Asia-Pacific Conference on Antennas and Propagation (APCAP)},
    author = {Wan, Xue-fen and Yang, Yi and Cui, Jian and Sardar, Muhammad Sohail},
    month = {10},
    pages = {1--3},
    publisher = {IEEE},
    isbn = {978-1-5386-1608-6},
    doi = {10.1109/APCAP.2017.8420657}
}

@inproceedings{Emmanuel2019LoRaMines,
    title = {{LoRa Wireless Link Performance in Multipath Underground Mines}},
    year = {2019},
    booktitle = {2019 International Conference on Innovation and Intelligence for Informatics, Computing, and Technologies (3ICT)},
    author = {Emmanuel, Lloyed and Farjow, Wisam and Fernando, Xavier},
    month = {9},
    pages = {1--4},
    publisher = {IEEE},
    isbn = {978-1-7281-3012-5},
    doi = {10.1109/3ICT.2019.8910316}
}

@inproceedings{Zhu2019MonitoringNetwork,
    title = {{Monitoring System for Coal Mine Safety Based on Wireless Sensor Network}},
    year = {2019},
    booktitle = {2019 Cross Strait Quad-Regional Radio Science and Wireless Technology Conference (CSQRWC)},
    author = {Zhu, Yingli and You, Guoping},
    number = {},
    pages = {1--2},
    volume = {},
    doi = {10.1109/CSQRWC.2019.8799111}
}

@article{Kaur2022OptimizingApproach,
    title = {{Optimizing the LoRa network performance for industrial scenario using a machine learning approach}},
    year = {2022},
    journal = {Computers and Electrical Engineering},
    author = {Kaur, Gagandeep and Gupta, Sindhu Hak and Kaur, Harleen},
    month = {5},
    pages = {107964},
    volume = {100},
    publisher = {Pergamon},
    doi = {10.1016/J.COMPELECENG.2022.107964},
    issn = {0045-7906},
    keywords = {Artificial neural network (ANN), BER, Industrial internet of things (IIoT), LoRa, Optimization, Outage probability, Particle swarm optimization (PSO), Received power, Spectral efficiency}
}

@article{Gkotsiopoulos2021PerformanceReview,
    title = {{Performance Determinants in LoRa Networks: A Literature Review}},
    year = {2021},
    journal = {IEEE COMMUNICATIONS SURVEYS {\&} TUTORIALS},
    author = {Gkotsiopoulos, Panagiotis and Zorbas, Dimitrios and Douligeris, Christos},
    number = {3},
    month = {5},
    pages = {1721--1758},
    volume = {23}
}

@article{Cano-Ortega2020PerformanceDwellings,
    title = {{Performance Optimization LoRa Network by Artificial Bee Colony Algorithm to Determination of the Load Profiles in Dwellings}},
    year = {2020},
    journal = {Energies},
    author = {Cano-Ortega, A. and S{\'{a}}nchez-Sutil, F.},
    number = {3},
    month = {1},
    pages = {517},
    volume = {13},
    doi = {10.3390/en13030517},
    issn = {1996-1073}
}

@article{Ebi2019SynchronousInfrastructure,
    title = {{Synchronous LoRa Mesh Network to Monitor Processes in Underground Infrastructure}},
    year = {2019},
    journal = {IEEE Access},
    author = {Ebi, Christian and Schaltegger, Fabian and Rust, Andreas and Blumensaat, Frank},
    pages = {57663--57677},
    volume = {7},
    doi = {10.1109/ACCESS.2019.2913985},
    issn = {2169-3536}
}

@inproceedings{Sakya2022WSNLearning,
    title = {{WSN based Intelligent Coal Mine Monitoring using Machine Learning}},
    year = {2022},
    booktitle = {2022 8th International Conference on Signal Processing and Communication (ICSC)},
    author = {Sakya, Gayatri and Shukla, Akash and Kumar, Aniket and Kumar, Vineet},
    month = {12},
    pages = {220--224},
    publisher = {IEEE},
    isbn = {978-1-6654-5430-8},
    doi = {10.1109/ICSC56524.2022.10009616}
}