@INPROCEEDINGS{klein17,
author={R. {Klein} and T. {Celik}},
booktitle={2017 IEEE International Conference on Image Processing (ICIP)},
title={The {W}its {I}ntelligent {T}eaching {S}ystem: {D}etecting student engagement during lectures using {C}onvolutional {N}eural {N}etworks},
year={2017},
volume={},
number={},
pages={2856-2860},
doi={10.1109/ICIP.2017.8296804},
ISSN={2381-8549},
month={Sep.},}

@misc{SACAQM, 
title={AI\_R: The South African Consortium of Air Quality Monitoring}, 
howpublished={\url{https://www.sacaqm.org/ai-r}}, 
author={SACAQM},
year={2023},
note={Accessed: [11-05-2023]}} 

@misc{Semtech_2023, 
title={What is LoRa\textregistered?},
howpublished={\url{https://www.semtech.com/lora}},
author={Semtech}, 
year={2023},
note={Accessed: [11-05-2023]}} 

@misc{LoRaModulation, 
title={LoRa Modulation Basics},
howpublished={\url{https:\/\/semtech.my.salesforce.com/sfc/p/#E0000000JelG/a/2R0000001OJu/xvKUc5w9yjG1q5Pb2IIkpolW54YYqGb.frOZ7HQBcRc}}, 
publisher={Semtech Corporation}, 
author={Semtech}, 
year={2015},
note={Accessed: [11-05-2023]}}

@misc{SemtechDatasheet, 
title={Datasheet: SX1276/77/78/79 - 137 MHz to 1020 MHz Low Power Long Range Transceiver},
howpublished={\url{https://semtech.my.salesforce.com/sfc/p/#E0000000JelG/a/2R0000001Rbr/6EfVZUorrpoKFfvaF_Fkpgp5kzjiNyiAbqcpqh9qSjE}}, 
publisher={Semtech}, 
author={Semtech}, 
year={2020}} 